@article{liu2020changes,
  title={Changes in the global burden of depression from 1990 to 2017: Findings from the Global Burden of Disease study},
  author={Liu, Qingqing and He, Hairong and Yang, Jin and Feng, Xiaojie and Zhao, Fanfan and Lyu, Jun},
  journal={Journal of psychiatric research},
  volume={126},
  pages={134--140},
  year={2020},
  publisher={Elsevier}
}


@article{cui2015systematic,
  title={A systematic review of depression},
  author={Cui, Ranji and others},
  journal={Curr Neuropharmacol},
  volume={13},
  number={4},
  pages={480},
  year={2015}
}

@article{liu2019trends,
  title={The trends in incidence of primary liver cancer caused by specific etiologies: results from the Global Burden of Disease Study 2016 and implications for liver cancer prevention},
  author={Liu, Zhenqiu and Jiang, Yanfeng and Yuan, Huangbo and Fang, Qiwen and Cai, Ning and Suo, Chen and Jin, Li and Zhang, Tiejun and Chen, Xingdong},
  journal={Journal of hepatology},
  volume={70},
  number={4},
  pages={674--683},
  year={2019},
  publisher={Elsevier}
}

@article{seligman2015interface,
  title={The interface of depression and cardiovascular disease: therapeutic implications},
  author={Seligman, Fred and Nemeroff, Charles B},
  journal={Annals of the New York Academy of Sciences},
  volume={1345},
  number={1},
  pages={25--35},
  year={2015},
  publisher={Wiley Online Library}
}

@article{smith2014world,
  title={A world of depression},
  author={Smith, Kerri and De Torres, I},
  journal={Nature},
  volume={515},
  number={181},
  pages={10--1038},
  year={2014}
}

@misc{stringaris2017depression,
  title={What is depression?},
  author={Stringaris, Argyris},
  journal={Journal of Child Psychology and Psychiatry},
  volume={58},
  number={12},
  pages={1287--1289},
  year={2017},
  publisher={Wiley Online Library}
}

@article{luo2018effects,
  title={Effects of depression on heart rate variability in elderly patients with stable coronary artery disease},
  author={Luo, Ying and Zhang, Shaomin and Zheng, Rongrong and Xu, Lian and Wu, Jinhui},
  journal={Journal of Evidence-Based Medicine},
  volume={11},
  number={4},
  pages={242--245},
  year={2018},
  publisher={Wiley Online Library}
}

@article{gross2014silver,
  title={Silver linings for patients with depression?},
  author={Gross, Michael},
  journal={Current Biology},
  volume={24},
  number={18},
  pages={R851--R854},
  year={2014},
  publisher={Elsevier}
}

@article{menard2016pathogenesis,
  title={Pathogenesis of depression: Insights from human and rodent studies},
  author={M{\'e}nard, Caroline and Hodes, Georgia E and Russo, Scott J},
  journal={Neuroscience},
  volume={321},
  pages={138--162},
  year={2016},
  publisher={Elsevier}
}

@article{boyd2022development,
  title={The development and psychometric properties of LIWC-22},
  author={Boyd, Ryan L and Ashokkumar, Ashwini and Seraj, Sarah and Pennebaker, James W},
  journal={Austin, TX: University of Texas at Austin},
  pages={1--47},
  year={2022}
}

@article{kuder1937theory,
  title={The theory of the estimation of test reliability},
  author={Kuder, G Frederic and Richardson, Marion W},
  journal={Psychometrika},
  volume={2},
  number={3},
  pages={151--160},
  year={1937},
  publisher={Springer}
}

@article{rashmi2020comparison,
  title={COMPARISON BETWEEN LEADING APIS USED IN TRANSLATION APPS.},
  author={Rashmi, C and John, Neha Ann and Choudhary, Meenal and Devraj, Minu},
  journal={International Journal of Advanced Research in Computer Science},
  volume={11},
  year={2020}
}

@article{cambedda2021study,
  title={A study on automatic machine translation tools: A comparative error analysis between deepl and yandex for russian-italian medical translation},
  author={Cambedda, Giulia and Di Nunzio, Giorgio Maria and Nosilia, Viviana},
  journal={Umanistica Digitale},
  number={10},
  pages={139--163},
  year={2021}
}